%% This BibTeX bibliography file was created using BibDesk.
%% http://bibdesk.sourceforge.net/


%% Created for Matthias Geissb√ºhler at 2011-03-21 13:46:46 +0100 


%% Saved with string encoding Unicode (UTF-8) 

% DepthInSpace bibliography


@article{scharstein2002taxonomy,
  title={A taxonomy and evaluation of dense two-frame stereo correspondence algorithms},
  author={Scharstein, Daniel and Szeliski, Richard},
  journal={International journal of computer vision},
  volume={47},
  number={1-3},
  pages={7--42},
  year={1920},
  publisher={Springer}
}

@inproceedings{keselman2017intel,
  title={Intel realsense stereoscopic depth cameras},
  author={Keselman, Leonid and Iselin Woodfill, John and Grunnet-Jepsen, Anders and Bhowmik, Achintya},
  booktitle={Proceedings of the IEEE Conference on Computer Vision and Pattern Recognition Workshops},
  pages={1--10},
  year={2017}
}

@article{hirschmuller2007stereo,
  title={Stereo processing by semiglobal matching and mutual information},
  author={Hirschmuller, Heiko},
  journal={IEEE Transactions on pattern analysis and machine intelligence},
  volume={30},
  number={2},
  pages={328--341},
  year={2007},
  publisher={IEEE}
}

@inproceedings{ryan2017low,
  title={Low Compute and Fully Parallel Computer Vision With HashMatch},
  author={Ryan Fanello, Sean and Valentin, Julien and Kowdle, Adarsh and Rhemann, Christoph and Tankovich, Vladimir and Ciliberto, Carlo and Davidson, Philip and Izadi, Shahram},
  booktitle={Proceedings of the IEEE International Conference on Computer Vision},
  pages={3874--3883},
  year={2017}
}

@inproceedings{fanello2017ultrastereo,
  title={Ultrastereo: Efficient learning-based matching for active stereo systems},
  author={Fanello, Sean Ryan and Valentin, Julien and Rhemann, Christoph and Kowdle, Adarsh and Tankovich, Vladimir and Davidson, Philip and Izadi, Shahram},
  booktitle={2017 IEEE Conference on Computer Vision and Pattern Recognition (CVPR)},
  pages={6535--6544},
  year={2017},
  organization={IEEE}
}

@inproceedings{ryan2016hyperdepth,
  title={Hyperdepth: Learning depth from structured light without matching},
  author={Ryan Fanello, Sean and Rhemann, Christoph and Tankovich, Vladimir and Kowdle, Adarsh and Orts Escolano, Sergio and Kim, David and Izadi, Shahram},
  booktitle={Proceedings of the IEEE Conference on Computer Vision and Pattern Recognition},
  pages={5441--5450},
  year={2016}
}

@inproceedings{zhang2018activestereonet,
  title={Activestereonet: End-to-end self-supervised learning for active stereo systems},
  author={Zhang, Yinda and Khamis, Sameh and Rhemann, Christoph and Valentin, Julien and Kowdle, Adarsh and Tankovich, Vladimir and Schoenberg, Michael and Izadi, Shahram and Funkhouser, Thomas and Fanello, Sean},
  booktitle={Proceedings of the European Conference on Computer Vision (ECCV)},
  pages={784--801},
  year={2018}
}

@inproceedings{kleitsiotis2019color,
  title={Color-Guided Adaptive Support Weights for Active Stereo Systems},
  author={Kleitsiotis, Ioannis and Dimitriou, Nikolaos and Votis, Konstantinos and Tzovaras, Dimitrios},
  booktitle={International Conference on Computer Vision Systems},
  pages={501--510},
  year={2019},
  organization={Springer}
}

@inproceedings{riegler2019connecting,
  title={Connecting the Dots: Learning Representations for Active Monocular Depth Estimation},
  author={Riegler, Gernot and Liao, Yiyi and Donne, Simon and Koltun, Vladlen and Geiger, Andreas},
  booktitle={Proceedings of the IEEE Conference on Computer Vision and Pattern Recognition},
  pages={7624--7633},
  year={2019}
}

@inproceedings{martinez2013kinect,
  title={Kinect Unleashed: Getting Control over High Resolution Depth Maps.},
  author={Martinez, Manuel and Stiefelhagen, Rainer},
  booktitle={MVA},
  pages={247--250},
  year={2013}
}

@inproceedings{chen2014fast,
  title={Fast MRF optimization with application to depth reconstruction},
  author={Chen, Qifeng and Koltun, Vladlen},
  booktitle={Proceedings of the IEEE conference on computer vision and pattern recognition},
  pages={3914--3921},
  year={2014}
}

@inproceedings{godard2017unsupervised,
  title={Unsupervised monocular depth estimation with left-right consistency},
  author={Godard, Cl{\'e}ment and Mac Aodha, Oisin and Brostow, Gabriel J},
  booktitle={Proceedings of the IEEE Conference on Computer Vision and Pattern Recognition},
  pages={270--279},
  year={2017}
}

@inproceedings{xie2016deep3d,
  title={Deep3d: Fully automatic 2d-to-3d video conversion with deep convolutional neural networks},
  author={Xie, Junyuan and Girshick, Ross and Farhadi, Ali},
  booktitle={European Conference on Computer Vision},
  pages={842--857},
  year={2016},
  organization={Springer}
}

@inproceedings{kuznietsov2017semi,
  title={Semi-supervised deep learning for monocular depth map prediction},
  author={Kuznietsov, Yevhen and Stuckler, Jorg and Leibe, Bastian},
  booktitle={Proceedings of the IEEE conference on computer vision and pattern recognition},
  pages={6647--6655},
  year={2017}
}

@inproceedings{zhan2018unsupervised,
  title={Unsupervised learning of monocular depth estimation and visual odometry with deep feature reconstruction},
  author={Zhan, Huangying and Garg, Ravi and Saroj Weerasekera, Chamara and Li, Kejie and Agarwal, Harsh and Reid, Ian},
  booktitle={Proceedings of the IEEE Conference on Computer Vision and Pattern Recognition},
  pages={340--349},
  year={2018}
}

@inproceedings{zhou2017unsupervised,
  title={Unsupervised learning of depth and ego-motion from video},
  author={Zhou, Tinghui and Brown, Matthew and Snavely, Noah and Lowe, David G},
  booktitle={Proceedings of the IEEE Conference on Computer Vision and Pattern Recognition},
  pages={1851--1858},
  year={2017}
}

@inproceedings{bian2019unsupervised,
  title={Unsupervised scale-consistent depth and ego-motion learning from monocular video},
  author={Bian, Jiawang and Li, Zhichao and Wang, Naiyan and Zhan, Huangying and Shen, Chunhua and Cheng, Ming-Ming and Reid, Ian},
  booktitle={Advances in neural information processing systems},
  pages={35--45},
  year={2019}
}

@inproceedings{godard2019digging,
  title={Digging into self-supervised monocular depth estimation},
  author={Godard, Cl{\'e}ment and Mac Aodha, Oisin and Firman, Michael and Brostow, Gabriel J},
  booktitle={Proceedings of the IEEE international conference on computer vision},
  pages={3828--3838},
  year={2019}
}

@inproceedings{guizilini20203d,
  title={3D Packing for Self-Supervised Monocular Depth Estimation},
  author={Guizilini, Vitor and Ambrus, Rares and Pillai, Sudeep and Raventos, Allan and Gaidon, Adrien},
  booktitle={Proceedings of the IEEE/CVF Conference on Computer Vision and Pattern Recognition},
  pages={2485--2494},
  year={2020}
}

@inproceedings{pillai2019superdepth,
  title={Superdepth: Self-supervised, super-resolved monocular depth estimation},
  author={Pillai, Sudeep and Ambru{\c{s}}, Rare{\c{s}} and Gaidon, Adrien},
  booktitle={2019 International Conference on Robotics and Automation (ICRA)},
  pages={9250--9256},
  year={2019},
  organization={IEEE}
}

@inproceedings{casser2019unsupervised,
  title={Unsupervised monocular depth and ego-motion learning with structure and semantics},
  author={Casser, Vincent and Pirk, Soeren and Mahjourian, Reza and Angelova, Anelia},
  booktitle={Proceedings of the IEEE Conference on Computer Vision and Pattern Recognition Workshops},
  year={2019}
}

@inproceedings{wang2019unos,
  title={Unos: Unified unsupervised optical-flow and stereo-depth estimation by watching videos},
  author={Wang, Yang and Wang, Peng and Yang, Zhenheng and Luo, Chenxu and Yang, Yi and Xu, Wei},
  booktitle={Proceedings of the IEEE Conference on Computer Vision and Pattern Recognition},
  pages={8071--8081},
  year={2019}
}

@inproceedings{yin2018geonet,
  title={Geonet: Unsupervised learning of dense depth, optical flow and camera pose},
  author={Yin, Zhichao and Shi, Jianping},
  booktitle={Proceedings of the IEEE Conference on Computer Vision and Pattern Recognition},
  pages={1983--1992},
  year={2018}
}

@inproceedings{zou2018df,
  title={Df-net: Unsupervised joint learning of depth and flow using cross-task consistency},
  author={Zou, Yuliang and Luo, Zelun and Huang, Jia-Bin},
  booktitle={Proceedings of the European conference on computer vision (ECCV)},
  pages={36--53},
  year={2018}
}

@inproceedings{ranjan2019competitive,
  title={Competitive collaboration: Joint unsupervised learning of depth, camera motion, optical flow and motion segmentation},
  author={Ranjan, Anurag and Jampani, Varun and Balles, Lukas and Kim, Kihwan and Sun, Deqing and Wulff, Jonas and Black, Michael J},
  booktitle={Proceedings of the IEEE conference on computer vision and pattern recognition},
  pages={12240--12249},
  year={2019}
}

@article{luo2020consistent,
author = {Luo, Xuan and Huang, Jia-Bin and Szeliski, Richard and Matzen, Kevin and Kopf, Johannes},
title = {Consistent Video Depth Estimation},
year = {2020},
publisher = {Association for Computing Machinery},
volume = {39},
number = {4},
issn = {0730-0301},
journal = {ACM Trans. Graph.},
month = jul,
articleno = {71},
numpages = {13}
}


@inproceedings{thomas2019kpconv,
  title={Kpconv: Flexible and deformable convolution for point clouds},
  author={Thomas, Hugues and Qi, Charles R and Deschaud, Jean-Emmanuel and Marcotegui, Beatriz and Goulette, Fran{\c{c}}ois and Guibas, Leonidas J},
  booktitle={Proceedings of the IEEE International Conference on Computer Vision},
  pages={6411--6420},
  year={2019}
}

@inproceedings{li2018pointcnn,
  title={Pointcnn: Convolution on x-transformed points},
  author={Li, Yangyan and Bu, Rui and Sun, Mingchao and Wu, Wei and Di, Xinhan and Chen, Baoquan},
  booktitle={Advances in neural information processing systems},
  pages={820--830},
  year={2018}
}

@inproceedings{xu2018spidercnn,
  title={Spidercnn: Deep learning on point sets with parameterized convolutional filters},
  author={Xu, Yifan and Fan, Tianqi and Xu, Mingye and Zeng, Long and Qiao, Yu},
  booktitle={Proceedings of the European Conference on Computer Vision (ECCV)},
  pages={87--102},
  year={2018}
}

@inproceedings{wu2019pointconv,
  title={Pointconv: Deep convolutional networks on 3d point clouds},
  author={Wu, Wenxuan and Qi, Zhongang and Fuxin, Li},
  booktitle={Proceedings of the IEEE Conference on Computer Vision and Pattern Recognition},
  pages={9621--9630},
  year={2019}
}

@article{boulch2020convpoint,
  title={ConvPoint: Continuous convolutions for point cloud processing},
  author={Boulch, Alexandre},
  journal={Computers \& Graphics},
  year={2020},
  publisher={Elsevier}
}

@inproceedings{wang2018deep,
  title={Deep parametric continuous convolutional neural networks},
  author={Wang, Shenlong and Suo, Simon and Ma, Wei-Chiu and Pokrovsky, Andrei and Urtasun, Raquel},
  booktitle={Proceedings of the IEEE Conference on Computer Vision and Pattern Recognition},
  pages={2589--2597},
  year={2018}
}

@inproceedings{chen2019learning,
  title={Learning joint 2d-3d representations for depth completion},
  author={Chen, Yun and Yang, Bin and Liang, Ming and Urtasun, Raquel},
  booktitle={Proceedings of the IEEE International Conference on Computer Vision},
  pages={10023--10032},
  year={2019}
}

@inproceedings{hui2018liteflownet,
  title={Liteflownet: A lightweight convolutional neural network for optical flow estimation},
  author={Hui, Tak-Wai and Tang, Xiaoou and Change Loy, Chen},
  booktitle={Proceedings of the IEEE conference on computer vision and pattern recognition},
  pages={8981--8989},
  year={2018}
}

@inproceedings{ilg2017flownet,
  title={Flownet 2.0: Evolution of optical flow estimation with deep networks},
  author={Ilg, Eddy and Mayer, Nikolaus and Saikia, Tonmoy and Keuper, Margret and Dosovitskiy, Alexey and Brox, Thomas},
  booktitle={Proceedings of the IEEE conference on computer vision and pattern recognition},
  pages={2462--2470},
  year={2017}
}

@inproceedings{mayer2016large,
  title={A large dataset to train convolutional networks for disparity, optical flow, and scene flow estimation},
  author={Mayer, Nikolaus and Ilg, Eddy and Hausser, Philip and Fischer, Philipp and Cremers, Daniel and Dosovitskiy, Alexey and Brox, Thomas},
  booktitle={Proceedings of the IEEE conference on computer vision and pattern recognition},
  pages={4040--4048},
  year={2016}
}

@inproceedings{meister2017unflow,
  title  = {{UnFlow}: Unsupervised Learning of Optical Flow
            with a Bidirectional Census Loss},
  author = {Simon Meister and Junhwa Hur and Stefan Roth},
  address = {New Orleans, Louisiana},
  booktitle = {AAAI},
  month = feb,
  year = {2018}
}

@article{srivastava2014dropout,
  title={Dropout: a simple way to prevent neural networks from overfitting},
  author={Srivastava, Nitish and Hinton, Geoffrey and Krizhevsky, Alex and Sutskever, Ilya and Salakhutdinov, Ruslan},
  journal={The journal of machine learning research},
  volume={15},
  number={1},
  pages={1929--1958},
  year={2014},
  publisher={JMLR. org}
}

@inproceedings{klambauer2017self,
  title={Self-normalizing neural networks},
  author={Klambauer, G{\"u}nter and Unterthiner, Thomas and Mayr, Andreas and Hochreiter, Sepp},
  booktitle={Advances in neural information processing systems},
  pages={971--980},
  year={2017}
}

@inproceedings{wu2018group,
  title={Group normalization},
  author={Wu, Yuxin and He, Kaiming},
  booktitle={Proceedings of the European conference on computer vision (ECCV)},
  pages={3--19},
  year={2018}
}

@inproceedings{ioffe2015batch,
  title={Batch Normalization: Accelerating Deep Network Training by Reducing Internal Covariate Shift},
  author={Ioffe, Sergey and Szegedy, Christian},
  booktitle={International Conference on Machine Learning},
  pages={448--456},
  year={2015}
}


@inproceedings{he2016deep,
  title={Deep residual learning for image recognition},
  author={He, Kaiming and Zhang, Xiangyu and Ren, Shaoqing and Sun, Jian},
  booktitle={Proceedings of the IEEE conference on computer vision and pattern recognition},
  pages={770--778},
  year={2016}
}

@inproceedings{hafner2013census,
  title={Why is the census transform good for robust optic flow computation?},
  author={Hafner, David and Demetz, Oliver and Weickert, Joachim},
  booktitle={International Conference on Scale Space and Variational Methods in Computer Vision},
  pages={210--221},
  year={2013},
  organization={Springer}
}

@inproceedings{rusinkiewicz2001efficient,
  title={Efficient variants of the ICP algorithm},
  author={Rusinkiewicz, Szymon and Levoy, Marc},
  booktitle={Proceedings third international conference on 3-D digital imaging and modeling},
  pages={145--152},
  year={2001},
  organization={IEEE}
}

@article{Chen1992ObjectMB,
  title={Object modelling by registration of multiple range images},
  author={Y. Chen and G. Medioni},
  journal={Image Vis. Comput.},
  year={1992},
  volume={10},
  pages={145-155}
}

@article{bernardini99ball,
  author={F. {Bernardini} and J. {Mittleman} and H. {Rushmeier} and C. {Silva} and G. {Taubin}},
  journal={IEEE Transactions on Visualization and Computer Graphics}, 
  title={The ball-pivoting algorithm for surface reconstruction}, 
  year={1999},
  volume={5},
  number={4},
  pages={349-359},
  doi={10.1109/2945.817351}
  }

@techreport{shapenet2015,
  title       = {{ShapeNet: An Information-Rich 3D Model Repository}},
  author      = {Chang, Angel X. and Funkhouser, Thomas and Guibas, Leonidas and Hanrahan, Pat and Huang, Qixing and Li, Zimo and Savarese, Silvio and Savva, Manolis and Song, Shuran and Su, Hao and Xiao, Jianxiong and Yi, Li and Yu, Fisher},
  number      = {arXiv:1512.03012 [cs.GR]},
  institution = {Stanford University --- Princeton University --- Toyota Technological Institute at Chicago},
  year        = {2015}
}

@article{adam,
author = {Kingma, Diederik and Ba, Jimmy},
year = {2014},
month = {12},
pages = {},
title = {Adam: A Method for Stochastic Optimization},
journal = {International Conference on Learning Representations}
}

@inproceedings{teed2019deepv2d,
  title={DeepV2D: Video to Depth with Differentiable Structure from Motion},
  author={Teed, Zachary and Deng, Jia},
  booktitle={International Conference on Learning Representations},
  year={2019}
}

@inproceedings{huang2018deepmvs,
  title={Deepmvs: Learning multi-view stereopsis},
  author={Huang, Po-Han and Matzen, Kevin and Kopf, Johannes and Ahuja, Narendra and Huang, Jia-Bin},
  booktitle={Proceedings of the IEEE Conference on Computer Vision and Pattern Recognition},
  pages={2821--2830},
  year={2018}
}

@inproceedings{wei2020deepsfm,
  title={DeepSFM: Structure from motion via deep bundle adjustment},
  author={Wei, Xingkui and Zhang, Yinda and Li, Zhuwen and Fu, Yanwei and Xue, Xiangyang},
  booktitle={European conference on computer vision},
  pages={230--247},
  year={2020},
  organization={Springer}
}

@inproceedings{im2018dpsnet,
  title={DPSNet: End-to-end Deep Plane Sweep Stereo},
  author={Im, Sunghoon and Jeon, Hae-Gon and Lin, Stephen and Kweon, In So},
  booktitle={International Conference on Learning Representations},
  year={2018}
}

@article{chang2015shapenet,
  title={Shapenet: An information-rich 3d model repository},
  author={Chang, Angel X and Funkhouser, Thomas and Guibas, Leonidas and Hanrahan, Pat and Huang, Qixing and Li, Zimo and Savarese, Silvio and Savva, Manolis and Song, Shuran and Su, Hao and others},
  journal={arXiv preprint arXiv:1512.03012},
  year={2015}
}

@book{shreiner2013opengl,
  title={OpenGL programming guide: The Official guide to learning OpenGL, version 4.3},
  author={Shreiner, Dave and Sellers, Graham and Kessenich, John and Licea-Kane, Bill},
  year={2013},
  publisher={Addison-Wesley}
}

@article{mikhailov2019turbo,
  title={Turbo, an improved rainbow colormap for visualization},
  author={Mikhailov, Anton},
  journal={Google AI Blog},
  year={2019}
}

@inproceedings{butler2012naturalistic,
  title={A naturalistic open source movie for optical flow evaluation},
  author={Butler, Daniel J and Wulff, Jonas and Stanley, Garrett B and Black, Michael J},
  booktitle={European conference on computer vision},
  pages={611--625},
  year={2012},
  organization={Springer}
}

@inproceedings{jiang2021learning,
  title={Learning to Estimate Hidden Motions with Global Motion Aggregation},
  author={Jiang, Shihao and Campbell, Dylan and Lu, Yao and Li, Hongdong and Hartley, Richard},
  booktitle={Proceedings of the IEEE International Conference on Computer Vision (ICCV)},
  year={2021}
}


% References for GeoNeRF
@inproceedings{mildenhall2020nerf,
  title={Nerf: Representing scenes as neural radiance fields for view synthesis},
  author={Mildenhall, Ben and Srinivasan, Pratul P and Tancik, Matthew and Barron, Jonathan T and Ramamoorthi, Ravi and Ng, Ren},
  booktitle={European conference on computer vision},
  pages={405--421},
  year={2020},
  organization={Springer}
}

@inproceedings{yu2021pixelnerf,
  title={pixelnerf: Neural radiance fields from one or few images},
  author={Yu, Alex and Ye, Vickie and Tancik, Matthew and Kanazawa, Angjoo},
  booktitle={Proceedings of the IEEE/CVF Conference on Computer Vision and Pattern Recognition},
  pages={4578--4587},
  year={2021}
}

@inproceedings{chibane2021stereo,
  title={Stereo Radiance Fields (SRF): Learning View Synthesis for Sparse Views of Novel Scenes},
  author={Chibane, Julian and Bansal, Aayush and Lazova, Verica and Pons-Moll, Gerard},
  booktitle={Proceedings of the IEEE/CVF Conference on Computer Vision and Pattern Recognition},
  pages={7911--7920},
  year={2021}
}

@inproceedings{wang2021ibrnet,
  title={Ibrnet: Learning multi-view image-based rendering},
  author={Wang, Qianqian and Wang, Zhicheng and Genova, Kyle and Srinivasan, Pratul P and Zhou, Howard and Barron, Jonathan T and Martin-Brualla, Ricardo and Snavely, Noah and Funkhouser, Thomas},
  booktitle={Proceedings of the IEEE/CVF Conference on Computer Vision and Pattern Recognition},
  pages={4690--4699},
  year={2021}
}

@InProceedings{chen2021mvsnerf,
    author    = {Chen, Anpei and Xu, Zexiang and Zhao, Fuqiang and Zhang, Xiaoshuai and Xiang, Fanbo and Yu, Jingyi and Su, Hao},
    title     = {MVSNeRF: Fast Generalizable Radiance Field Reconstruction From Multi-View Stereo},
    booktitle = {Proceedings of the IEEE/CVF International Conference on Computer Vision (ICCV)},
    month     = {October},
    year      = {2021},
    pages     = {14124-14133}
}

@inproceedings{yao2018mvsnet,
  title={Mvsnet: Depth inference for unstructured multi-view stereo},
  author={Yao, Yao and Luo, Zixin and Li, Shiwei and Fang, Tian and Quan, Long},
  booktitle={Proceedings of the European Conference on Computer Vision (ECCV)},
  pages={767--783},
  year={2018}
}

@inproceedings{reizenstein2021common,
  title={Common Objects in 3D: Large-Scale Learning and Evaluation of Real-life 3D Category Reconstruction},
  author={Reizenstein, Jeremy and Shapovalov, Roman and Henzler, Philipp and Sbordone, Luca and Labatut, Patrick and Novotny, David},
  booktitle={Proceedings of the IEEE/CVF International Conference on Computer Vision},
  pages={10901--10911},
  year={2021}
}

@article{liu2021neural,
  title={Neural Rays for Occlusion-aware Image-based Rendering},
  author={Liu, Yuan and Peng, Sida and Liu, Lingjie and Wang, Qianqian and Wang, Peng and Theobalt, Christian and Zhou, Xiaowei and Wang, Wenping},
  journal={arXiv preprint arXiv:2107.13421},
  year={2021}
}

@article{rosu2021neuralmvs,
  title={NeuralMVS: Bridging Multi-View Stereo and Novel View Synthesis},
  author={Rosu, Radu Alexandru and Behnke, Sven},
  journal={arXiv preprint arXiv:2108.03880},
  year={2021}
}

@inproceedings{gu2020cascade,
  title={Cascade cost volume for high-resolution multi-view stereo and stereo matching},
  author={Gu, Xiaodong and Fan, Zhiwen and Zhu, Siyu and Dai, Zuozhuo and Tan, Feitong and Tan, Ping},
  booktitle={Proceedings of the IEEE/CVF Conference on Computer Vision and Pattern Recognition},
  pages={2495--2504},
  year={2020}
}

@inproceedings{lin2017feature,
  title={Feature pyramid networks for object detection},
  author={Lin, Tsung-Yi and Doll{\'a}r, Piotr and Girshick, Ross and He, Kaiming and Hariharan, Bharath and Belongie, Serge},
  booktitle={Proceedings of the IEEE conference on computer vision and pattern recognition},
  pages={2117--2125},
  year={2017}
}

@inproceedings{xu2020learning,
  title={Learning inverse depth regression for multi-view stereo with correlation cost volume},
  author={Xu, Qingshan and Tao, Wenbing},
  booktitle={Proceedings of the AAAI Conference on Artificial Intelligence},
  volume={34 (07)},
  pages={12508--12515},
  year={2020}
}

@inproceedings{dosovitskiy2020image,
  title={An Image is Worth 16x16 Words: Transformers for Image Recognition at Scale},
  author={Dosovitskiy, Alexey and Beyer, Lucas and Kolesnikov, Alexander and Weissenborn, Dirk and Zhai, Xiaohua and Unterthiner, Thomas and Dehghani, Mostafa and Minderer, Matthias and Heigold, Georg and Gelly, Sylvain and others},
  booktitle={International Conference on Learning Representations},
  year={2020}
}

@inproceedings{vaswani2017attention,
  title={Attention is all you need},
  author={Vaswani, Ashish and Shazeer, Noam and Parmar, Niki and Uszkoreit, Jakob and Jones, Llion and Gomez, Aidan N and Kaiser, {\L}ukasz and Polosukhin, Illia},
  booktitle={Advances in neural information processing systems},
  pages={5998--6008},
  year={2017}
}

@article{deng2021depth,
  title={Depth-supervised NeRF: Fewer Views and Faster Training for Free},
  author={Deng, Kangle and Liu, Andrew and Zhu, Jun-Yan and Ramanan, Deva},
  journal={arXiv preprint arXiv:2107.02791},
  year={2021}
}

@inproceedings{kaya2022neural,
  title={Neural Radiance Fields Approach to Deep Multi-View Photometric Stereo},
  author={Kaya, Berk and Kumar, Suryansh and Sarno, Francesco and Ferrari, Vittorio and Van Gool, Luc},
  booktitle={Proceedings of the IEEE/CVF Winter Conference on Applications of Computer Vision},
  pages={1965--1977},
  year={2022}
}

@inproceedings{Oechsle2021ICCV,
    title = {UNISURF: Unifying Neural Implicit Surfaces and Radiance Fields for Multi-View Reconstruction},
    author = {Oechsle, Michael and Peng, Songyou and Geiger, Andreas},
    booktitle = {International Conference on Computer Vision (ICCV)},
    year = {2021},
    doi = {}
  }
  
@article{wang2021neus,
      title={NeuS: Learning Neural Implicit Surfaces by Volume Rendering for Multi-view Reconstruction}, 
      author={Peng Wang and Lingjie Liu and Yuan Liu and Christian Theobalt and Taku Komura and Wenping Wang},
	  journal={NeurIPS},
      year={2021}
}
	
@article{yariv2021volume,
  title={Volume rendering of neural implicit surfaces},
  author={Yariv, Lior and Gu, Jiatao and Kasten, Yoni and Lipman, Yaron},
  journal={Advances in Neural Information Processing Systems},
  volume={34},
  year={2021}
}

@inproceedings{nguyen2021rgbd,
  title={RGBD-Net: Predicting color and depth images for novel views synthesis},
  author={Nguyen, Phong and Karnewar, Animesh and Huynh, Lam and Rahtu, Esa and Matas, Jiri and Heikkila, Janne},
  booktitle={2021 International Conference on 3D Vision (3DV)},
  pages={1095--1105},
  year={2021},
  organization={IEEE}
}

@inproceedings{jensen2014large,
  title={Large scale multi-view stereopsis evaluation},
  author={Jensen, Rasmus and Dahl, Anders and Vogiatzis, George and Tola, Engin and Aan{\ae}s, Henrik},
  booktitle={Proceedings of the IEEE conference on computer vision and pattern recognition},
  pages={406--413},
  year={2014}
}

@article{mildenhall2019llff,
  title={Local Light Field Fusion: Practical View Synthesis with Prescriptive Sampling Guidelines},
  author={Ben Mildenhall and Pratul P. Srinivasan and Rodrigo Ortiz-Cayon and Nima Khademi Kalantari and Ravi Ramamoorthi and Ren Ng and Abhishek Kar},
  journal={ACM Transactions on Graphics (TOG)},
  year={2019},
}


@inproceedings{sgdr,
author = {Ilya Loshchilov and Frank Hutter},
year = {2017},
title = {{SGDR:} Stochastic Gradient Descent with Warm Restarts },
  booktitle = {International Conference on Learning Representations (ICLR)}
}

@inproceedings{yao2019recurrent,
  title={Recurrent mvsnet for high-resolution multi-view stereo depth inference},
  author={Yao, Yao and Luo, Zixin and Li, Shiwei and Shen, Tianwei and Fang, Tian and Quan, Long},
  booktitle={Proceedings of the IEEE/CVF Conference on Computer Vision and Pattern Recognition},
  pages={5525--5534},
  year={2019}
}

@inproceedings{chen2019point,
  title={Point-based multi-view stereo network},
  author={Chen, Rui and Han, Songfang and Xu, Jing and Su, Hao},
  booktitle={Proceedings of the IEEE/CVF International Conference on Computer Vision},
  pages={1538--1547},
  year={2019}
}

@inproceedings{luo2019p,
  title={P-mvsnet: Learning patch-wise matching confidence aggregation for multi-view stereo},
  author={Luo, Keyang and Guan, Tao and Ju, Lili and Huang, Haipeng and Luo, Yawei},
  booktitle={Proceedings of the IEEE/CVF International Conference on Computer Vision},
  pages={10452--10461},
  year={2019}
}

@inproceedings{cheng2020deep,
  title={Deep stereo using adaptive thin volume representation with uncertainty awareness},
  author={Cheng, Shuo and Xu, Zexiang and Zhu, Shilin and Li, Zhuwen and Li, Li Erran and Ramamoorthi, Ravi and Su, Hao},
  booktitle={Proceedings of the IEEE/CVF Conference on Computer Vision and Pattern Recognition},
  pages={2524--2534},
  year={2020}
}

@inproceedings{kolmogorov2002multi,
  title={Multi-camera scene reconstruction via graph cuts},
  author={Kolmogorov, Vladimir and Zabih, Ramin},
  booktitle={European conference on computer vision},
  pages={82--96},
  year={2002},
  organization={Springer}
}

@inproceedings{de1999poxels,
  title={Poxels: Probabilistic voxelized volume reconstruction},
  author={De Bonet, Jeremy S and Viola, Paul},
  booktitle={Proceedings of International Conference on Computer Vision (ICCV)},
  pages={418--425},
  year={1999}
}

@article{furukawa2009accurate,
  title={Accurate, dense, and robust multiview stereopsis},
  author={Furukawa, Yasutaka and Ponce, Jean},
  journal={IEEE transactions on pattern analysis and machine intelligence},
  volume={32},
  number={8},
  pages={1362--1376},
  year={2009},
  publisher={IEEE}
}

@inproceedings{schonberger2016pixelwise,
  title={Pixelwise view selection for unstructured multi-view stereo},
  author={Sch{\"o}nberger, Johannes L and Zheng, Enliang and Frahm, Jan-Michael and Pollefeys, Marc},
  booktitle={European Conference on Computer Vision},
  pages={501--518},
  year={2016},
  organization={Springer}
}

@inproceedings{debevec1996modeling,
  title={Modeling and rendering architecture from photographs: A hybrid geometry-and image-based approach},
  author={Debevec, Paul E and Taylor, Camillo J and Malik, Jitendra},
  booktitle={Proceedings of the 23rd annual conference on Computer graphics and interactive techniques},
  pages={11--20},
  year={1996}
}

@inproceedings{levoy1996light,
  title={Light field rendering},
  author={Levoy, Marc and Hanrahan, Pat},
  booktitle={Proceedings of the 23rd annual conference on Computer graphics and interactive techniques},
  pages={31--42},
  year={1996}
}

@inproceedings{buehler2001unstructured,
  title={Unstructured lumigraph rendering},
  author={Buehler, Chris and Bosse, Michael and McMillan, Leonard and Gortler, Steven and Cohen, Michael},
  booktitle={Proceedings of the 28th annual conference on Computer graphics and interactive techniques},
  pages={425--432},
  year={2001}
}

@inproceedings{casas20154d,
  title={4D Model Flow: Precomputed Appearance Alignment for Real-time 4D Video Interpolation},
  author={Casas, Dan and Richardt, Christian and Collomosse, John and Theobalt, Christian and Hilton, Adrian},
  booktitle={Computer Graphics Forum},
  volume={34},
  pages={173--182},
  year={2015},
  organization={Wiley Online Library}
}

@article{chaurasia2013depth,
  title={Depth synthesis and local warps for plausible image-based navigation},
  author={Chaurasia, Gaurav and Duchene, Sylvain and Sorkine-Hornung, Olga and Drettakis, George},
  journal={ACM Transactions on Graphics (TOG)},
  volume={32},
  number={3},
  pages={1--12},
  year={2013},
  publisher={ACM New York, NY, USA}
}

@inproceedings{aliev2020neural,
  title={Neural point-based graphics},
  author={Aliev, Kara-Ali and Sevastopolsky, Artem and Kolos, Maria and Ulyanov, Dmitry and Lempitsky, Victor},
  booktitle={Computer Vision--ECCV 2020: 16th European Conference, Glasgow, UK, August 23--28, 2020, Proceedings, Part XXII 16},
  pages={696--712},
  year={2020},
  organization={Springer}
}

@inproceedings{debevec1998efficient,
  title={Efficient view-dependent image-based rendering with projective texture-mapping},
  author={Debevec, Paul and Yu, Yizhou and Borshukov, George},
  booktitle={Eurographics Workshop on Rendering Techniques},
  pages={105--116},
  year={1998},
  organization={Springer}
}

@inproceedings{huang2020adversarial,
  title={Adversarial texture optimization from rgb-d scans},
  author={Huang, Jingwei and Thies, Justus and Dai, Angela and Kundu, Abhijit and Jiang, Chiyu and Guibas, Leonidas J and Nie{\ss}ner, Matthias and Funkhouser, Thomas and others},
  booktitle={Proceedings of the IEEE/CVF Conference on Computer Vision and Pattern Recognition},
  pages={1559--1568},
  year={2020}
}

@inproceedings{jancosek2011multi,
  title={Multi-view reconstruction preserving weakly-supported surfaces},
  author={Jancosek, Michal and Pajdla, Tom{\'a}s},
  booktitle={CVPR 2011},
  pages={3121--3128},
  year={2011},
  organization={IEEE}
}

@article{penner2017soft,
  title={Soft 3D reconstruction for view synthesis},
  author={Penner, Eric and Zhang, Li},
  journal={ACM Transactions on Graphics (TOG)},
  volume={36},
  number={6},
  pages={1--11},
  year={2017},
  publisher={ACM New York, NY, USA}
}

@inproceedings{meshry2019neural,
  title={Neural rerendering in the wild},
  author={Meshry, Moustafa and Goldman, Dan B and Khamis, Sameh and Hoppe, Hugues and Pandey, Rohit and Snavely, Noah and Martin-Brualla, Ricardo},
  booktitle={Proceedings of the IEEE/CVF Conference on Computer Vision and Pattern Recognition},
  pages={6878--6887},
  year={2019}
}

@inproceedings{schonberger2016structure,
  title={Structure-from-motion revisited},
  author={Schonberger, Johannes L and Frahm, Jan-Michael},
  booktitle={Proceedings of the IEEE conference on computer vision and pattern recognition},
  pages={4104--4113},
  year={2016}
}

@inproceedings{flynn2016deepstereo,
  title={Deepstereo: Learning to predict new views from the world's imagery},
  author={Flynn, John and Neulander, Ivan and Philbin, James and Snavely, Noah},
  booktitle={Proceedings of the IEEE conference on computer vision and pattern recognition},
  pages={5515--5524},
  year={2016}
}

@inproceedings{flynn2019deepview,
  title={Deepview: View synthesis with learned gradient descent},
  author={Flynn, John and Broxton, Michael and Debevec, Paul and DuVall, Matthew and Fyffe, Graham and Overbeck, Ryan and Snavely, Noah and Tucker, Richard},
  booktitle={Proceedings of the IEEE/CVF Conference on Computer Vision and Pattern Recognition},
  pages={2367--2376},
  year={2019}
}

@inproceedings{du2018montage4d,
  title={Montage4D: interactive seamless fusion of multiview video textures},
  author={Du, Ruofei and Chuang, Ming and Chang, Wayne and Hoppe, Hugues and Varshney, Amitabh},
  booktitle={Proceedings of the ACM SIGGRAPH Symposium on Interactive 3D Graphics and Games},
  pages={1--11},
  year={2018}
}

@article{wang2004image,
  title={Image quality assessment: from error visibility to structural similarity},
  author={Wang, Zhou and Bovik, Alan C and Sheikh, Hamid R and Simoncelli, Eero P},
  journal={IEEE transactions on image processing},
  volume={13},
  number={4},
  pages={600--612},
  year={2004},
  publisher={IEEE}
}

@inproceedings{zhang2018unreasonable,
  title={The unreasonable effectiveness of deep features as a perceptual metric},
  author={Zhang, Richard and Isola, Phillip and Efros, Alexei A and Shechtman, Eli and Wang, Oliver},
  booktitle={Proceedings of the IEEE conference on computer vision and pattern recognition},
  pages={586--595},
  year={2018}
}

@inproceedings{henzler2020learning,
  title={Learning a neural 3d texture space from 2d exemplars},
  author={Henzler, Philipp and Mitra, Niloy J and Ritschel, Tobias},
  booktitle={Proceedings of the IEEE/CVF Conference on Computer Vision and Pattern Recognition},
  pages={8356--8364},
  year={2020}
}

@article{kalantari2016learning,
  title={Learning-based view synthesis for light field cameras},
  author={Kalantari, Nima Khademi and Wang, Ting-Chun and Ramamoorthi, Ravi},
  journal={ACM Transactions on Graphics (TOG)},
  volume={35},
  number={6},
  pages={1--10},
  year={2016},
  publisher={ACM New York, NY, USA}
}

@inproceedings{srinivasan2019pushing,
  title={Pushing the boundaries of view extrapolation with multiplane images},
  author={Srinivasan, Pratul P and Tucker, Richard and Barron, Jonathan T and Ramamoorthi, Ravi and Ng, Ren and Snavely, Noah},
  booktitle={Proceedings of the IEEE/CVF Conference on Computer Vision and Pattern Recognition},
  pages={175--184},
  year={2019}
}

@article{zhou2018stereo,
  title={Stereo magnification: learning view synthesis using multiplane images},
  author={Zhou, Tinghui and Tucker, Richard and Flynn, John and Fyffe, Graham and Snavely, Noah},
  journal={ACM Transactions on Graphics (TOG)},
  volume={37},
  number={4},
  pages={1--12},
  year={2018},
  publisher={ACM New York, NY, USA}
}

@inproceedings{trevithick2021grf,
  title={GRF: Learning a General Radiance Field for 3D Representation and Rendering},
  author={Trevithick, Alex and Yang, Bo},
  booktitle={Proceedings of the IEEE/CVF International Conference on Computer Vision},
  pages={15182--15192},
  year={2021}
}

@inproceedings{li2021neural,
  title={Neural scene flow fields for space-time view synthesis of dynamic scenes},
  author={Li, Zhengqi and Niklaus, Simon and Snavely, Noah and Wang, Oliver},
  booktitle={Proceedings of the IEEE/CVF Conference on Computer Vision and Pattern Recognition},
  pages={6498--6508},
  year={2021}
}

@inproceedings{martin2021nerf,
  title={Nerf in the wild: Neural radiance fields for unconstrained photo collections},
  author={Martin-Brualla, Ricardo and Radwan, Noha and Sajjadi, Mehdi SM and Barron, Jonathan T and Dosovitskiy, Alexey and Duckworth, Daniel},
  booktitle={Proceedings of the IEEE/CVF Conference on Computer Vision and Pattern Recognition},
  pages={7210--7219},
  year={2021}
}

@inproceedings{park2021nerfies,
  title={Nerfies: Deformable neural radiance fields},
  author={Park, Keunhong and Sinha, Utkarsh and Barron, Jonathan T and Bouaziz, Sofien and Goldman, Dan B and Seitz, Steven M and Martin-Brualla, Ricardo},
  booktitle={Proceedings of the IEEE/CVF International Conference on Computer Vision},
  pages={5865--5874},
  year={2021}
}

@inproceedings{peng2021neural,
  title={Neural body: Implicit neural representations with structured latent codes for novel view synthesis of dynamic humans},
  author={Peng, Sida and Zhang, Yuanqing and Xu, Yinghao and Wang, Qianqian and Shuai, Qing and Bao, Hujun and Zhou, Xiaowei},
  booktitle={Proceedings of the IEEE/CVF Conference on Computer Vision and Pattern Recognition},
  pages={9054--9063},
  year={2021}
}

@article{schwarz2020graf,
  title={GRAF: Generative Radiance Fields for 3D-Aware Image Synthesis},
  author={Schwarz, Katja and Liao, Yiyi and Niemeyer, Michael and Geiger, Andreas},
  journal={Advances in Neural Information Processing Systems},
  volume={33},
  year={2020}
}

@inproceedings{srinivasan2021nerv,
  title={Nerv: Neural reflectance and visibility fields for relighting and view synthesis},
  author={Srinivasan, Pratul P and Deng, Boyang and Zhang, Xiuming and Tancik, Matthew and Mildenhall, Ben and Barron, Jonathan T},
  booktitle={Proceedings of the IEEE/CVF Conference on Computer Vision and Pattern Recognition},
  pages={7495--7504},
  year={2021}
}

@inproceedings{rockwell2021pixelsynth,
  title={Pixelsynth: Generating a 3d-consistent experience from a single image},
  author={Rockwell, Chris and Fouhey, David F and Johnson, Justin},
  booktitle={Proceedings of the IEEE/CVF International Conference on Computer Vision},
  pages={14104--14113},
  year={2021}
}

@article{arandjelovic2021nerf,
  title={NeRF in detail: Learning to sample for view synthesis},
  author={Arandjelovi{\'c}, Relja and Zisserman, Andrew},
  journal={arXiv preprint arXiv:2106.05264},
  year={2021}
}

@InProceedings{DeVries_2021_ICCV,
    author    = {DeVries, Terrance and Bautista, Miguel Angel and Srivastava, Nitish and Taylor, Graham W. and Susskind, Joshua M.},
    title     = {Unconstrained Scene Generation With Locally Conditioned Radiance Fields},
    booktitle = {Proceedings of the IEEE/CVF International Conference on Computer Vision (ICCV)},
    month     = {October},
    year      = {2021},
    pages     = {14304-14313}
}

@inproceedings{li2021mine,
  title={MINE: Towards Continuous Depth MPI with NeRF for Novel View Synthesis},
  author={Li, Jiaxin and Feng, Zijian and She, Qi and Ding, Henghui and Wang, Changhu and Lee, Gim Hee},
  booktitle={Proceedings of the IEEE/CVF International Conference on Computer Vision},
  pages={12578--12588},
  year={2021}
}

@InProceedings{Barron_2021_ICCV,
    author    = {Barron, Jonathan T. and Mildenhall, Ben and Tancik, Matthew and Hedman, Peter and Martin-Brualla, Ricardo and Srinivasan, Pratul P.},
    title     = {Mip-NeRF: A Multiscale Representation for Anti-Aliasing Neural Radiance Fields},
    booktitle = {Proceedings of the IEEE/CVF International Conference on Computer Vision (ICCV)},
    month     = {October},
    year      = {2021},
    pages     = {5855-5864}
}

@inproceedings{yang2020cost,
	title={Cost volume pyramid based depth inference for multi-view stereo},
	author={Yang, Jiayu and Mao, Wei and Alvarez, Jose M and Liu, Miaomiao},
	booktitle={Proceedings of the IEEE/CVF Conference on Computer Vision and Pattern Recognition},
	pages={4877--4886},
	year={2020}
}